<?xml version="1.0" encoding="UTF-8"?><record xmlns="http://www.loc.gov/MARC21/slim" xmlns:cinclude="http://apache.org/cocoon/include/1.0" xmlns:zs="http://www.loc.gov/zing/srw/">
  <leader>00509cz  a2200145n  4500</leader>
  <controlfield tag="001">n  84080960 </controlfield>
  <controlfield tag="003">DLC</controlfield>
  <controlfield tag="005">20081121080627.0</controlfield>
  <controlfield tag="008">840522n| acannaabn          |n aaa      </controlfield>
  <datafield tag="010" ind1=" " ind2=" ">
    <subfield code="a">n  84080960 </subfield>
  </datafield>
  <datafield tag="035" ind1=" " ind2=" ">
    <subfield code="a">(OCoLC)oca01107600</subfield>
  </datafield>
  <datafield tag="040" ind1=" " ind2=" ">
    <subfield code="a">DLC</subfield>
    <subfield code="b">eng</subfield>
    <subfield code="c">DLC</subfield>
    <subfield code="d">DLC</subfield>
    <subfield code="d">OCoLC</subfield>
  </datafield>
  <datafield tag="100" ind1="1" ind2=" ">
    <subfield code="a">Gardner, Willoughby</subfield>
  </datafield>
  <datafield tag="670" ind1=" " ind2=" ">
    <subfield code="a">Nat. Museum of Wales. Library. The Willoughby Gardner library, 1982:</subfield>
    <subfield code="b">t.p. (Willoughby Gardner) p. 6 (DSc., FLS, FRES, FSA; 1860-1953)</subfield>
  </datafield>
  <datafield tag="670" ind1=" " ind2=" ">
    <subfield code="a">LC data base, 5-18-84</subfield>
    <subfield code="b">(hdg.: Gardner, Willoughby)</subfield>
  </datafield>
</record>